@article{RN42,
   author = {Lin, Chuan and Chang, Qing and Li, Xianxu},
   title = {A Deep Learning Approach for MIMO-NOMA Downlink Signal Detection},
   journal = {Sensors},
   volume = {19},
   number = {11},
   pages = {2526},
   ISSN = {1424-8220},
   url = {https://www.mdpi.com/1424-8220/19/11/2526},
   year = {2019},
   type = {Journal Article}
}

